@misc{KOMAScriptDoc,
	title = {{KOMA-Script Documentation Project {$\vert$} Aktive Anwender verbessern KOMA-Script.}},
	year = {2019},
	month = {Feb},
	note = {[Online; accessed 18. Feb. 2019]},
	url = {https://komascript.de}
}
@article{hoste2009matching,
  title={Matching hourly and peak demand by combining different renewable energy sources},
  author={Hoste, G and Dvorak, M and Jacobson, Mark Z},
  journal={Sanford University, Department of Civil and Environmental Engineering},
  year={2009}
}
@article{brown2018synergies,
  title={Synergies of sector coupling and transmission reinforcement in a cost-optimised, highly renewable European energy system},
  author={Brown, Tom and Schlachtberger, David and Kies, Alexander and Schramm, Stefan and Greiner, Martin},
  journal={Energy},
  volume={160},
  pages={720--739},
  year={2018},
  publisher={Elsevier}
}
@article{boretti2020cost,
  title={Cost of wind energy generation should include energy storage allowance},
  author={Boretti, Alberto and Castelletto, Stefania},
  journal={Scientific reports},
  volume={10},
  number={1},
  pages={1--13},
  year={2020},
  publisher={Nature Publishing Group}
}
@article{clack2017evaluation,
  title={Evaluation of a proposal for reliable low-cost grid power with 100\% wind, water, and solar},
  author={Clack, Christopher TM and Qvist, Staffan A and Apt, Jay and Bazilian, Morgan and Brandt, Adam R and Caldeira, Ken and Davis, Steven J and Diakov, Victor and Handschy, Mark A and Hines, Paul DH and others},
  journal={Proceedings of the National Academy of Sciences},
  volume={114},
  number={26},
  pages={6722--6727},
  year={2017},
  publisher={National Acad Sciences}
}
@article{kesler2012global,
  title={Global lithium resources: Relative importance of pegmatite, brine and other deposits},
  author={Kesler, Stephen E and Gruber, Paul W and Medina, Pablo A and Keoleian, Gregory A and Everson, Mark P and Wallington, Timothy J},
  journal={Ore geology reviews},
  volume={48},
  pages={55--69},
  year={2012},
  publisher={Elsevier}
}
@article{louwen2016re,
  title={Re-assessment of net energy production and greenhouse gas emissions avoidance after 40 years of photovoltaics development},
  author={Louwen, Atse and Van Sark, Wilfried GJHM and Faaij, Andr{\'e} PC and Schropp, Ruud EI},
  journal={Nature Communications},
  volume={7},
  number={1},
  pages={1--9},
  year={2016},
  publisher={Nature Publishing Group}
}
@article{dolan2012life,
  title={Life cycle greenhouse gas emissions of utility-scale wind power: Systematic review and harmonization},
  author={Dolan, Stacey L and Heath, Garvin A},
  journal={Journal of Industrial Ecology},
  volume={16},
  pages={S136--S154},
  year={2012},
  publisher={Wiley Online Library}
}
@article{dai2019life,
  title={Life cycle analysis of lithium-ion batteries for automotive applications},
  author={Dai, Qiang and Kelly, Jarod C and Gaines, Linda and Wang, Michael},
  journal={Batteries},
  volume={5},
  number={2},
  pages={48},
  year={2019},
  publisher={Multidisciplinary Digital Publishing Institute}
}
@article{emilsson2019lithium,
  title={Lithium-ion vehicle battery production. Status 2019 on energy use, CO2 emissions, use of metals, products environmental footprint, and recycling},
  author={Emilsson, Erik and Dahll{\"o}f, Lisbeth},
  journal={Report Number C},
  volume={444},
  year={2019}
}
@article{warner2012life,
  title={Life cycle greenhouse gas emissions of nuclear electricity generation: Systematic review and harmonization},
  author={Warner, Ethan S and Heath, Garvin A},
  journal={Journal of Industrial Ecology},
  volume={16},
  pages={S73--S92},
  year={2012},
  publisher={Wiley Online Library}
}
@article{o2014life,
  title={Life cycle greenhouse gas emissions of electricity generated from conventionally produced natural gas: systematic review and harmonization},
  author={O'Donoughue, Patrick R and Heath, Garvin A and Dolan, Stacey L and Vorum, Martin},
  journal={Journal of Industrial Ecology},
  volume={18},
  number={1},
  pages={125--144},
  year={2014},
  publisher={Wiley Online Library}
}
@article{whitaker2012life,
  title={Life cycle greenhouse gas emissions of coal-fired electricity generation: Systematic review and harmonization},
  author={Whitaker, Michael and Heath, Garvin A and Oâ€™Donoughue, Patrick and Vorum, Martin},
  journal={Journal of Industrial Ecology},
  volume={16},
  pages={S53--S72},
  year={2012},
  publisher={Wiley Online Library}
}